<?xml version="1.0" encoding="UTF-8"?><record xmlns="http://www.loc.gov/MARC21/slim" xmlns:cinclude="http://apache.org/cocoon/include/1.0" xmlns:zs="http://www.loc.gov/zing/srw/">
  <leader>00767cz  a2200205n  4500</leader>
  <controlfield tag="001">n  95109777 </controlfield>
  <controlfield tag="003">DLC</controlfield>
  <controlfield tag="005">19970710095407.8</controlfield>
  <controlfield tag="008">951107n| acaacaaa|          |a ana |||  </controlfield>
  <datafield tag="010" ind1=" " ind2=" ">
    <subfield code="a">n  95109777 </subfield>
  </datafield>
  <datafield tag="040" ind1=" " ind2=" ">
    <subfield code="a">DLC</subfield>
    <subfield code="c">DLC</subfield>
    <subfield code="d">DLC</subfield>
  </datafield>
  <datafield tag="130" ind1=" " ind2="0">
    <subfield code="a">Hrvatska politička misao</subfield>
  </datafield>
  <datafield tag="410" ind1="2" ind2="0">
    <subfield code="a">Nakladnički projekt Res publica.</subfield>
    <subfield code="t">Hrvatska politička misao</subfield>
  </datafield>
  <datafield tag="642" ind1=" " ind2=" ">
    <subfield code="a">knj. 1</subfield>
    <subfield code="5">DLC</subfield>
  </datafield>
  <datafield tag="643" ind1=" " ind2=" ">
    <subfield code="a">Zagreb</subfield>
    <subfield code="b">Hrvatska sveučilišna naklada</subfield>
  </datafield>
  <datafield tag="644" ind1=" " ind2=" ">
    <subfield code="a">f</subfield>
    <subfield code="5">DLC</subfield>
  </datafield>
  <datafield tag="645" ind1=" " ind2=" ">
    <subfield code="a">t</subfield>
    <subfield code="5">DLC</subfield>
  </datafield>
  <datafield tag="646" ind1=" " ind2=" ">
    <subfield code="a">s</subfield>
    <subfield code="5">DLC</subfield>
  </datafield>
  <datafield tag="670" ind1=" " ind2=" ">
    <subfield code="a">Kumičić, Evgenij, 1850-1904. Govori, 1994:</subfield>
    <subfield code="b">ser. t.p. (Hrvatska politička misao ; knj. 1); p. 1 (Series issued by Nakladnički projekt Res publica)</subfield>
  </datafield>
  <datafield tag="670" ind1=" " ind2=" ">
    <subfield code="a">Starčević, Ante, 1823-1896. Govori, 1995:</subfield>
    <subfield code="b">t.p. verso (Hrvatska politička misao; unnumb.)</subfield>
  </datafield>
</record>